<?xml version="1.0" encoding="UTF-8"?><collection xmlns="http://www.loc.gov/MARC21/slim"><record><leader>00520nam--2200169-i-4500</leader><controlfield tag="001">000014383</controlfield><controlfield tag="002">20161230</controlfield><controlfield tag="005">20161230201030</controlfield><controlfield tag="008">060222s1000------------r-----000-0-eng-d</controlfield><datafield ind1=" " ind2=" " tag="040"><subfield code="a">IFIN-HH</subfield></datafield><datafield ind1=" " ind2=" " tag="080"><subfield code="a">533.951:519.688(047.3)</subfield></datafield><datafield ind1="1" ind2=" " tag="100"><subfield code="a">Benzley, S.E./S.A.</subfield></datafield><datafield ind1=" " ind2=" " tag="245"><subfield code="a">Toody ii-a: a computer program for two dimensional wave propagation - c.d.c.6600 version</subfield><subfield code="c">S.e. benzley</subfield></datafield><datafield ind1=" " ind2=" " tag="260"><subfield code="a">Albuquerque, New Mexico</subfield><subfield code="b">Sandia Laboratories</subfield><subfield code="c">1969</subfield></datafield><datafield ind1=" " ind2=" " tag="300"><subfield code="a">153 P</subfield></datafield><datafield ind1=" " ind2=" " tag="852"><subfield code="a">70767</subfield><subfield code="c">535</subfield></datafield><datafield ind1=" " ind2=" " tag="CAT"><subfield code="a">Sys</subfield><subfield code="c">20101124</subfield><subfield code="h">150230</subfield></datafield></record></collection>